@misc{db-sec-1,
  title = { Полтавцева, М.А. Безопасность баз данных: проблемы и перспективы / Полтавцева М.А. // Программные продукты и системы. -- 2016. -- №3. -- С. 36 -- 40. }
}

@misc{db-sec-2,
  title = { Скакун, В.В. Защита информации в базах данных и экспертных системах [Текст]: учеб.-- метод, пособие / Скакун В.В. Минск: Изд-во Минского гос. ин-та, 2018. -- 140с. }
}

@misc{db-misc-1,
  title = { Основы технологий баз данных: учеб. пособие / Б. А. Новиков, Е. А. Горшкова, Н. Г. Графеева; под ред. Е. В. Рогова. -- 2-е изд. -- М.: ДМК Пресс, 2020. — 582 с. }
}

@misc{db-misc-2,
  title = { Моргунов, Е. П. PostgreSQL. Основы языка SQL: учеб. пособие / Е. П. Моргунов; под ред. Е. В. Рогова, П. В. Лузанова. -- СПб.: БХВ-Петербург, 2018. -- 336 с.: ил. }
}

@misc{db-misc-3,
  title = { Рогов Е. В. PostgreSQL 15 изнутри. -- М.: ДМК Пресс, 2023. -- 662 с. }
}

@misc{kabanckik,
  title = {Клеппман, М. Высоконагруженные приложения. Программирование, масштабирование, поддержка. / Клеппман М; перевод Пальти И. -- СПб.: Питер, 2018. -- 640 c.}
}

@misc{db-sec-1,
  title = { Полтавцева, М.А. Безопасность баз данных: проблемы и перспективы / Полтавцева М.А. // Программные продукты и системы. -- 2016. -- №3. -- С. 36 -- 40. }
}

@misc{nginx,
  title = { Документация NGINX: офиц. сайт -- URL: https://docs.nginx.com/ }
}
@misc{clang,
  title = { Б. Керниган, Д. Ритчи. Язык программирования C. -- Москва: Вильямс, 2015. -- 304 с. }
}

@misc{vscode,
  title = { Visual Studio Code: офиц. сайт -- URL: https://code.visualstudio.com/ }
}

@misc{ali,
  title = { Программа Ali: офиц. сайт -- URL: https://github.com/nakabonne/ali }
}


@misc{nets1,
  title = {  В. Олифер, Н. Олифер. Компьютерные сети. Принципы, технологии, протоколы. Учебник -- Питер, 2016. -- 996 c. }
}

@misc{nets2,
  title = { Э. Таненбаум. Компьютерные сети. 6-е изд. -- Питер, 2024 -- 992 c.}
}

